@article{santos2019extreme,
  title={Extreme Value Theory Applied to r Largest Order Statistics Under the Bayesian Approach},
  author={Santos da Silva, Renato and Ferraz do Nascimento, Fernando},
  journal={Revista Colombiana de Estadstica},
  volume={42},
  number={2},
  pages={143-166},
  year={2019},
  publisher={Universidad Nacional de Colombia.}
}

@book{taleb2012antifragile,
  title={Antifragile: Things that gain from disorder},
  author={Taleb, Nassim Nicholas},
  volume={3},
  year={2012},
  publisher={Random House Incorporated}
}

@book{resnick2007heavy,
  title={Heavy-tail phenomena: probabilistic and statistical modeling},
  author={Resnick, Sidney I},
  year={2007},
  publisher={Springer Science \& Business Media}
}

@article{yamai2005value,
  title={Value-at-risk versus expected shortfall: A practical perspective},
  author={Yamai, Yasuhiro and Yoshiba, Toshinao},
  journal={Journal of Banking \& Finance},
  volume={29},
  number={4},
  pages={997--1015},
  year={2005},
  publisher={Elsevier}
}

@article{artzner1999coherent,
  title={Coherent measures of risk},
  author={Artzner, Philippe and Delbaen, Freddy and Eber, Jean-Marc and Heath, David},
  journal={Mathematical finance},
  volume={9},
  number={3},
  pages={203--228},
  year={1999},
  publisher={Wiley Online Library}
}

@article{artzner1997thinking,
  title={Thinking coherently},
  author={Artzner, Philippe and Delbaen, Freddy and Eber, Jean-Marc and Heath, David},
  journal={Risk},
  volume={10},
  number={11},
  pages={68--71},
  year={1997}
}

@article{acerbi2002coherence,
  title={On the coherence of expected shortfall},
  author={Acerbi, Carlo and Tasche, Dirk},
  journal={Journal of Banking \& Finance},
  volume={26},
  number={7},
  pages={1487--1503},
  year={2002},
  publisher={Elsevier}
}

@article{rockafellar2002conditional,
  title={Conditional value-at-risk for general loss distributions},
  author={Rockafellar, R Tyrrell and Uryasev, Stanislav},
  journal={Journal of Banking \& Finance},
  volume={26},
  number={7},
  pages={1443--1471},
  year={2002},
  publisher={Elsevier}
}

@misc{basel2013,
    author= {{Basel Committee on Banking Supervision}},
    year  = {October 2013},
    title = {Fundamental review of the trading book: A Revised Market Risk Framework},
}

@article{MolinaMuoz2020,
  year = {2020},
  month = aug,
  publisher = {Wiley},
  author = {Enrique Molina-Mu{\~{n}}oz and Andr{\'{e}}s Mora-Valencia and Javier Perote},
  title = {Backtesting expected shortfall for world stock index
		            {ETFs}
		            with extreme value theory and
		            Gram{\textendash}Charlier
		            mixtures},
  journal = {International Journal of Finance {\&} Economics},
  pages={1--27}
}

@article{du2017backtesting,
  title={Backtesting expected shortfall: accounting for tail risk},
  author={Du, Zaichao and Escanciano, Juan Carlos},
  journal={Management Science},
  volume={63},
  number={4},
  pages={940--958},
  year={2017},
  publisher={INFORMS}
}

@article{righi2015comparison,
  title={A comparison of Expected Shortfall estimation models},
  author={Righi, Marcelo Brutti and Ceretta, Paulo Sergio},
  journal={Journal of Economics and Business},
  volume={78},
  pages={14--47},
  year={2015},
  publisher={Elsevier}
}

@article{pickands1975statistical,
  title={Statistical inference using extreme order statistics},
  author={Pickands, James},
  journal={Annals of Statistics},
  volume={3},
  number={1},
  pages={119--131},
  year={1975},
  publisher={Institute of Mathematical Statistics}
}

@Book{tsay2010analysis,
 author = {Tsay, Ruey},
 title = {Analysis of financial time series},
 publisher = {Wiley},
 year = {2010},
 address = {Hoboken, N.J},
 isbn = {9780470414354}
 }
 
@misc{economist,
  author = {{The Economist}},
  title = {{Professionally gloomy: Risk managers take a hard look at themselves}},
  howpublished = "\url{https://www.economist.com/special-report/2008/05/17/professionally-gloomy}",
  year = {2008}, 
  note = "[Online; accessed 11-April-2021]"
}

@article{mandelbrot1967,
  title={The variation of some other speculative prices},
  author={Mandelbrot, Benoit},
  journal={The Journal of Business},
  volume={40},
  number={4},
  pages={393--413},
  year={1967},
  publisher={JSTOR}
}

@article{mandelbrot1963,
  title={The variation of certain speculative prices},
  author={Mandelbrot, Benoit},
  journal={The Journal of Business},
  volume={36},
  number={4},
  pages={394--419},
  year={1963},
  publisher={JSTOR}
}

@article{fama1963,
  title={Mandelbrot and the stable Paretian hypothesis},
  author={Fama, Eugene F},
  journal={The Journal of business},
  volume={36},
  number={4},
  pages={420--429},
  year={1963},
  publisher={JSTOR}
}

@article{fama1965,
  title={The behavior of stock-market prices},
  author={Fama, Eugene F},
  journal={The Journal of Business},
  volume={38},
  number={1},
  pages={34--105},
  year={1965},
  publisher={JSTOR}
}

@article{rocco2013,
  year = {2013},
  month = jun,
  publisher = {Wiley},
  volume = {28},
  number = {1},
  pages = {82--108},
  author = {Marco Rocco},
  title = {Extreme value theory in finance: A survey},
  journal = {Journal of Economic Surveys}
}

@article{acerbi2001expected,
  title={Expected shortfall as a tool for financial risk management},
  author={Acerbi, Carlo and Nordio, Claudio and Sirtori, Carlo},
  journal={arXiv preprint cond-mat/0102304},
  year={2001}
}

@book{embrechts1997modelling,
 author = {Embrechts, Paul and Kl{\"u}ppelberg, Claudia and Mikosch, Thomas},
 title = {Modelling Extremal Events: for Insurance and Finance},
 publisher = {Springer Berlin Heidelberg},
 year = {1997},
 address = {Berlin, Heidelberg},
 isbn = {978-3-642-33483-2}
 }
 
 @article{gilli2006,
  title={An application of extreme value theory for measuring financial risk},
  author={Gilli, Manfred and K{\"e}llesi, Evis},
  journal={Computational Economics},
  volume={27},
  number={2},
  pages={207--228},
  year={2006},
  publisher={Springer}
}

@Book{mcneil2015quantitative,
 author = {McNeil, Alexander and Frey, R{\"u}diger and Embrechts, Paul},
 title = {Quantitative risk management: concepts, techniques and tools},
 publisher = {Princeton University Press},
 year = {2015},
 address = {Princeton, NJ},
 isbn = {9780691166278}
 }
 
 @article{mcneil2000estimation,
  title={Estimation of tail-related risk measures for heteroscedastic financial time series: an extreme value approach},
  author={McNeil, Alexander J and Frey, R{\"u}diger},
  journal={Journal of Empirical Finance},
  volume={7},
  number={3-4},
  pages={271--300},
  year={2000},
  publisher={Elsevier}
}

@article{zikovic2012ranking,
  title={Ranking of VaR and ES models: performance in developed and emerging markets},
  author={Zikovic, Sasa and Filer, Randall K},
  year={2012},
  journal={CESifo Working Paper Series No. 3980},
  publisher={CESifo Working Paper Series No. 3980}
}

@article{mcneil1999extreme,
  title={Extreme value theory for risk managers},
  author={McNeil, Alexander J},
  journal={Departement Mathematik ETH Zentrum},
  volume={12},
  number={5},
  pages={217--237},
  year={1999}
}

@Book{franke2015statistics,
 author = {Franke, J{\"u}rgen and H{\"a}rdle, Wolfgang Karl and Hafner, Christian Matthias},
 title = {Statistics of financial markets: An introduction},
 publisher = {Springer},
 year = {2015},
 address = {Berlin},
 isbn = {9783642545399}
 }
 
 
@Manual{evir,
  title = {{evir}: Extreme Values in R},
  author = {Bernhard Pfaff and Alexander McNeil},
  year = {2018},
  note = {R package version 1.7-4},
  url = {https://CRAN.R-project.org/package=evir},
}

@article{10.2307/2959306,
 author = {Balkema, A. A. and {de Haan}, L.},
 journal = {The Annals of Probability},
 number = {5},
 pages = {792--804},
 publisher = {Institute of Mathematical Statistics},
 title = {Residual Life Time at Great Age},
 volume = {2},
 year = {1974}
}

@article{crouhy2000comparative,
  title={A comparative analysis of current credit risk models},
  author={Crouhy, Michel and Galai, Dan and Mark, Robert},
  journal={Journal of Banking \& Finance},
  volume={24},
  number={1-2},
  pages={59--117},
  year={2000},
  publisher={Elsevier}
}

@book{gumbel1958statistics,
  title={Statistics of extremes},
  author={Gumbel, Emil Julius},
  year={1958},
  publisher={Columbia University Press}
}

@Book{haan2006extreme,
 author = {Haan, Laurens and Ferreira, Ana},
 title = {Extreme value theory: an introduction},
 publisher = {Springer Series in Operations Research and Financial Engineering},
 year = {2006},
 address = {New York},
 isbn = {0-387-34471-3}
 }
 
@Book{longin2016extreme,
 author = {Longin, FrancÌ§ois},
 title = {Extreme events in finance: a handbook of extreme value theory and its applications},
 publisher = {Wiley},
 year = {2016},
 address = {Hoboken},
 isbn = {9781118650196}
 }
 
@article{bocker2010multivariate,
  title={Multivariate models for operational risk},
  author={B{\"o}cker, Klaus and Kl{\"u}ppelberg, Claudia},
  journal={Quantitative Finance},
  volume={10},
  number={8},
  pages={855--869},
  year={2010},
  publisher={Taylor \& Francis}
}

@article{chavez2006quantitative,
  title={Quantitative models for operational risk: extremes, dependence and aggregation},
  author={Chavez-Demoulin, Val{\'e}rie and Embrechts, Paul and Ne{\v{s}}lehov{\'a}, Johanna},
  journal={Journal of Banking \& Finance},
  volume={30},
  number={10},
  pages={2635--2658},
  year={2006},
  publisher={Elsevier}
}

@article{chavez2016extreme,
  title={An extreme value approach for modeling operational risk losses depending on covariates},
  author={Chavez-Demoulin, Val{\'e}rie and Embrechts, Paul and Hofert, Marius},
  journal={Journal of Risk and Insurance},
  volume={83},
  number={3},
  pages={735--776},
  year={2016},
  publisher={Wiley Online Library}
}

@article{puccetti2014asymptotic,
  title={Asymptotic equivalence of conservative value-at-risk-and expected shortfall-based capital charges},
  author={Puccetti, Giovanni and R{\"u}schendorf, Ludger},
  journal={Journal of Risk},
  volume={16},
  number={3},
  pages={3--22},
  year={2014}
}

@article{cirillo2016expected,
  title={Expected shortfall estimation for apparently infinite-mean models of operational risk},
  author={Cirillo, Pasquale and Taleb, Nassim Nicholas},
  journal={Quantitative Finance},
  volume={16},
  number={10},
  pages={1485--1494},
  year={2016},
  publisher={Taylor \& Francis}
}

@article{alexander2008developing,
  title={Developing a stress testing framework based on market risk models},
  author={Alexander, Carol and Sheedy, Elizabeth},
  journal={Journal of Banking \& Finance},
  volume={32},
  number={10},
  pages={2220--2236},
  year={2008},
  publisher={Elsevier}
}

@article{jalal2008predicting,
  title={Predicting tail-related risk measures: The consequences of using GARCH filters for non-GARCH data},
  author={Jalal, Amine and Rockinger, Michael},
  journal={Journal of Empirical Finance},
  volume={15},
  number={5},
  pages={868--877},
  year={2008},
  publisher={Elsevier}
}

@article{ergun2010time,
  title={Time-varying higher-order conditional moments and forecasting intraday VaR and expected shortfall},
  author={Erg{\"u}n, A Tolga and Jun, Jongbyung},
  journal={The Quarterly Review of Economics and Finance},
  volume={50},
  number={3},
  pages={264--272},
  year={2010},
  publisher={Elsevier}
}

@article{wong2012capturing,
  title={Capturing tail risks beyond VaR},
  author={Wong, Woon Kong and Fan, Guobin and Zeng, Yong},
  journal={Review of Pacific Basin Financial Markets and Policies},
  volume={15},
  number={03},
  pages={1250015--1--1250015--25},
  year={2012},
  publisher={World Scientific}
}

@Manual{R,
  title = {R: A Language and Environment for Statistical Computing},
  author = {{R Core Team}},
  organization = {R Foundation for Statistical Computing},
  address = {Vienna, Austria},
  year = {2013},
}

@article{westfall2014kurtosis,
  title={Kurtosis as peakedness, 1905--2014. {R.I.P.}},
  author={Westfall, Peter H},
  journal={The American Statistician},
  volume={68},
  number={3},
  pages={191--195},
  year={2014},
  publisher={Taylor \& Francis}
}

@article{granger1995some,
  title={Some properties of absolute return: An alternative measure of risk},
  author={Granger, Clive William John and Ding, Zhuanxin},
  journal={Annales d'Economie et de Statistique},
  pages={67--91},
  year={1995},
  publisher={JSTOR}
}

@article{ding1996modeling,
  title={Modeling volatility persistence of speculative returns: a new approach},
  author={Ding, Zhuanxin and Granger, Clive WJ},
  journal={Journal of Econometrics},
  volume={73},
  number={1},
  pages={185--215},
  year={1996},
  publisher={Elsevier}
}

@book{christoffersen2011elements,
  title={Elements of financial risk management},
  author={Christoffersen, Peter},
  year={2011},
  publisher={Academic Press}
}

@article{gnedenko1943distribution,
  title={Sur la distribution limite du terme maximum d'une serie aleatoire},
  author={Gnedenko, Boris},
  journal={Annals of Mathematics},
  pages={423--453},
  year={1943},
  publisher={JSTOR}
}

@inproceedings{fisher1928limiting,
  title={Limiting forms of the frequency distribution of the largest or smallest member of a sample},
  author={Fisher, Ronald Aylmer and Tippett, Leonard Henry Caleb},
  booktitle={Mathematical proceedings of the Cambridge philosophical society},
  volume={24},
  number={2},
  pages={180--190},
  year={1928},
  organization={Cambridge University Press}
}

@article{nystrom2002framework,
  title={A framework for scenario-based risk management},
  author={Nystr{\"o}m, K and Skoglund, Jimmy},
  journal={Preprint, Swedbank},
  year={2002},
  publisher={Citeseer}
}

@article{rappoport1993new,
  title={A new approach: Average Shortfall},
  author={Rappoport, P},
  journal={JP Morgan Fixed Income Research Technical Document},
  year={1993}
}

@article{smith1987estimating,
  title={Estimating tails of probability distributions},
  author={Smith, Richard L},
  journal={The Annals of Statistics},
  volume={15},
  number={3},
  pages={1174--1207},
  year={1987},
  publisher={Institute of Mathematical Statistics}
}

@article{Hoogerheide2010,
  doi = {10.1016/j.ijforecast.2010.01.007},
  url = {https://doi.org/10.1016/j.ijforecast.2010.01.007},
  year = {2010},
  month = apr,
  publisher = {Elsevier {BV}},
  volume = {26},
  number = {2},
  pages = {231--247},
  author = {Lennart Hoogerheide and Herman K. {van Dijk}},
  title = {Bayesian forecasting of Value at Risk and Expected Shortfall using adaptive importance sampling},
  journal = {International Journal of Forecasting}
}

@article{cabras2011bayesian,
  title={A Bayesian approach for estimating extreme quantiles under a semiparametric mixture model},
  author={Cabras, Stefano and Castellanos, Mar{\'\i}a Eugenia},
  journal={ASTIN Bulletin: The Journal of the IAA},
  volume={41},
  number={1},
  pages={87--106},
  year={2011},
  publisher={Cambridge University Press}
}

@incollection{davison1984,
  year = {1984},
  publisher = {Springer, Dordrecht},
  editor= {{de Oliveira}, J.T.},
  pages = {461--482},
  author = {Anthony C. Davison},
  title = {Modelling Excesses over High Thresholds,  with an Application},
  booktitle = {Statistical Extremes and Applications}
}

@incollection{smith1984,
  year = {1984},
  publisher = {Springer, Dordrecht},
  editor= {{de Oliveira}, J.T.},
  pages = {621--638},
  author = {Smith, R.L.},
  title = {Threshold methods for sample extremes},
  booktitle = {Statistical Extremes and Applications}
}

@article{grimshaw1993computing,
  title={Computing maximum likelihood estimates for the generalized Pareto distribution},
  author={Grimshaw, Scott D},
  journal={Technometrics},
  volume={35},
  number={2},
  pages={185--191},
  year={1993},
  publisher={Taylor \& Francis Group}
}

@article{hosking1987parameter,
  title={Parameter and quantile estimation for the generalized Pareto distribution},
  author={Hosking, Jonathan RM and Wallis, James R},
  journal={Technometrics},
  volume={29},
  number={3},
  pages={339--349},
  year={1987},
  publisher={Taylor \& Francis}
}

@article{castillo1997fitting,
  title={Fitting the generalized Pareto distribution to data},
  author={Castillo, Enrique and Hadi, Ali S},
  journal={Journal of the American Statistical Association},
  volume={92},
  number={440},
  pages={1609--1620},
  year={1997},
  publisher={Taylor \& Francis}
}

@Book{mackayextraordinary,
 author = {Mackay, Charles},
 title = {Extraordinary Popular Delusions and the Madness of Crowds},
 publisher = {Richard Bentley, London},
 year = {1841}
}

@Manual{qrmtools,
    title = {qrmtools: Tools for Quantitative Risk Management},
    author = {Marius Hofert and Kurt Hornik and Alexander J. McNeil},
    year = {2021},
    note = {R package version 0.0-14},
    url = {https://CRAN.R-project.org/package=qrmtools},
}